@inproceedings{gaddam2018comparative,
  title={{A comparative study on various LPWAN and cellular communication technologies for IoT based smart applications}},
  author={Gaddam, Sarath Chandu and Rai, Mritunjay Kumar},
  booktitle={{2018 International Conference on Emerging Trends and Innovations In Engineering And Technological Research (ICETIETR)}},
  pages={1--8},
  year={2018},
  organization={IEEE}
}

@article{gubbi2013internet,
  title={{Internet of Things (IoT): A vision, architectural elements, and future directions}},
  author={Gubbi, Jayavardhana and Buyya, Rajkumar and Marusic, Slaven and Palaniswami, Marimuthu},
  journal={Future generation computer systems},
  volume={29},
  number={7},
  pages={1645--1660},
  year={2013},
  publisher={Elsevier}
}

@article{augustin2016study,
  title={{A study of LoRa: Long range \& low power networks for the internet of things}},
  author={Augustin, Alo{\"y}s and Yi, Jiazi and Clausen, Thomas and Townsley, William Mark},
  journal={Sensors},
  volume={16},
  number={9},
  pages={1466},
  year={2016},
  publisher={Multidisciplinary Digital Publishing Institute}
}

@article{mabon2019smaller,
  title={{The Smaller the Better: Designing Solar Energy Harvesting Sensor Nodes for Long-Range Monitoring}},
  author={Mabon, Malo and Gautier, Matthieu and Vrigneau, Baptiste and Le Gentil, Micka{\"e}l and Berder, Olivier},
  journal={Wireless Communications and Mobile Computing},
  volume={2019},
  year={2019},
  publisher={Hindawi}
}

@article{chang2019internet,
  title={{Internet of Things (IoT) and new computing paradigms}},
  author={Chang, Chii and Srirama, Satish Narayana and Buyya, Rajkumar},
  journal={Fog and edge computing: principles and paradigms},
  pages={1--23},
  year={2019},
  publisher={John Wiley \& Sons New York, NY}
}

@article{nilsson2014power,
  title={{Power consumption of integrated low-power receivers}},
  author={Nilsson, Emil and Svensson, Christer},
  journal={IEEE Journal on Emerging and Selected Topics in Circuits and Systems},
  volume={4},
  number={3},
  pages={273--283},
  year={2014},
  publisher={IEEE}
}

@article{chen2018cognitive,
  title={{Cognitive-LPWAN: Towards intelligent wireless services in hybrid low power wide area networks}},
  author={Chen, Min and Miao, Yiming and Jian, Xin and Wang, Xiaofei and Humar, Iztok},
  journal={IEEE Transactions on Green Communications and Networking},
  volume={3},
  number={2},
  pages={409--417},
  year={2018},
  publisher={IEEE}
}

@article{jawad2017energy,
  title={{Energy-efficient wireless sensor networks for precision agriculture: A review}},
  author={Jawad, Haider Mahmood and Nordin, Rosdiadee and Gharghan, Sadik Kamel and Jawad, Aqeel Mahmood and Ismail, Mahamod},
  journal={Sensors},
  volume={17},
  number={8},
  pages={1781},
  year={2017},
  publisher={Multidisciplinary Digital Publishing Institute}
}

@article{abba2019design,
  title={{Design and Performance Evaluation of a Low-Cost Autonomous Sensor Interface for a Smart IoT-Based Irrigation Monitoring and Control System}},
  author={Abba, Sani and Wadumi Namkusong, Jonah and Lee, Jeong-A and Liz Crespo, Maria},
  journal={Sensors},
  volume={19},
  number={17},
  pages={3643},
  year={2019},
  publisher={Multidisciplinary Digital Publishing Institute}
}

@inproceedings{guibene2017evaluation,
  title={{Evaluation of LPWAN technologies for smart cities: River monitoring use-case}},
  author={Guibene, Wael and Nowack, Johannes and Chalikias, Nikolaos and Fitzgibbon, Kevin and Kelly, Mark and Prendergast, David},
  booktitle={{2017 IEEE Wireless Communications and Networking Conference Workshops (WCNCW)}},
  pages={1--5},
  year={2017},
  organization={IEEE}
}

@inproceedings{liu2018solar,
  title={{A solar powered long range real-time water quality monitoring system by LoRaWAN}},
  author={Liu, Yan-Ting and Lin, Bo-Yi and Yue, Xiao-Feng and Cai, Zong-Xuan and Yang, Zi-Xian and Liu, Wei-Hong and Huang, Song-Yi and Lu, Jun-Lin and Peng, Jing-Wen and Chen, Jen-Yeu},
  booktitle={{2018 27th Wireless and Optical Communication Conference (WOCC)}},
  pages={1--2},
  year={2018},
  organization={IEEE}
}

@article{moreno2019rivercore,
  title={{RiverCore: IoT device for river water level monitoring over cellular communications}},
  author={Moreno, Carlos and Aquino, Ra{\'u}l and Ibarreche, Jos{\'e} and P{\'e}rez, Ismael and Castellanos, Esli and {\'A}lvarez, Elisa and Renter{\'\i}a, Ra{\'u}l and Anguiano, Luis and Edwards, Arthur and Lepper, Paul and others},
  journal={Sensors},
  volume={19},
  number={1},
  pages={127},
  year={2019},
  publisher={Multidisciplinary Digital Publishing Institute}
}

@article{knoll2018low,
  title={{Low-Power Wide-Area technologies as building block for smart sensors in air quality measurements}},
  author={Knoll, Markus and Breitegger, Philipp and Bergmann, Alexander},
  journal={e \& i Elektrotechnik und Informationstechnik},
  volume={135},
  number={6},
  pages={416--422},
  year={2018},
  publisher={Springer}
}

@inproceedings{kalfus2016ultra,
  title={{Ultra narrow band radio technology in high-density built-up areas}},
  author={Kalfus, Radim and H{\'e}gr, Tom{\'a}{\v{s}}},
  booktitle={{International Conference on Information and Software Technologies}},
  pages={663--676},
  year={2016},
  organization={Springer}
}

@misc{sigfoxtech,
  title={{Sigfox technical overview}},
  howpublished={\url{https://www.disk91.com/wp-content/uploads/2017/05/4967675830228422064.pdf}},
  note = {(10.03.2020)}
}

@misc{sigfox,
  title={{Sigfox}},
  howpublished={\url{https://www.sigfox.com/}},
  note = {(10.03.2020)}
}

@INPROCEEDINGS{kang,
  title={{A disaster recovery system for location identification-based low power wide area networks (LPWAN)}},
  author={Kang, James Jin and Khodasevych, Iryna and Adibi, Sasan},
  booktitle={{2017 27th International Telecommunication Networks and Applications Conference (ITNAC)}},
  pages={1--6},
  year={2017},
  organization={IEEE}
},

@article{zanella,
  title={{Internet of things for smart cities}},
  author={Zanella, Andrea and Bui, Nicola and Castellani, Angelo and Vangelista, Lorenzo and Zorzi, Michele},
  journal={IEEE Internet of Things journal},
  volume={1},
  number={1},
  pages={22--32},
  year={2014},
  publisher={IEEE}
},

@MASTERTHESIS{laurit,
    author = {Sten Laurit},
    title = {Eesti madalpingevõrgu analüüs kaugloetavate arvestite baasil},
    school = {Tallinna Tehnikaülikool},
    note = {Magistritöö. Tallinna Tehnikaülikool.},
    year = {2017}
},

@misc{gaas,
    url = {https://www.err.ee/1002491/tulevaks-aastaks-tuleb-gaasiarvestid-valja-vahetada},
    title = {Tulevaks aastaks tuleb gaasiarvestid välja vahetada},
    year = {2019},
    howpublished = {\url{https://www.err.ee/1002491/tulevaks-aastaks-tuleb-gaasiarvestid-valja-vahetada}},
    note = {(07.03.2020)},
    publisher = {ERR}
},

@Article{germani,
  title={{An IoT Architecture for Continuous Livestock Monitoring Using LoRa LPWAN}},
  author={Germani, Lorenzo and Mecarelli, Vanni and Baruffa, Giuseppe and Rugini, Luca and Frescura, Fabrizio},
  journal={Electronics},
  volume={8},
  number={12},
  pages={1435},
  year={2019},
  publisher={Multidisciplinary Digital Publishing Institute}
},

@INPROCEEDINGS{liliu,
  title={{A data collection collar for vital signs of cows on the grassland based on lora}},
  author={Li, Qi and Liu, Zhanghua and Xiao, Junsheng},
  booktitle={{2018 IEEE 15th International Conference on e-Business Engineering (ICEBE)}},
  pages={213--217},
  year={2018},
  organization={IEEE}
},

@INPROCEEDINGS{olatinwo,
  title={{A Survey on LPWAN Technologies in WBAN for Remote Health-Care Monitoring}},
  author={Olatinwo, Damilola D and Abu-Mahfouz, Adnan and Hancke, Gerhard},
  journal={Sensors},
  volume={19},
  number={23},
  pages={5268},
  year={2019},
  publisher={Multidisciplinary Digital Publishing Institute}
},

@article{petajajarvi,
  title={{Evaluation of LoRa LPWAN technology for indoor remote health and wellbeing monitoring}},
  author={Pet{\"a}j{\"a}j{\"a}rvi, Juha and Mikhaylov, Konstantin and Yasmin, Rumana and H{\"a}m{\"a}l{\"a}inen, Matti and Iinatti, Jari},
  journal={International Journal of Wireless Information Networks},
  volume={24},
  number={2},
  pages={153--165},
  year={2017},
  publisher={Springer}
},

@INPROCEEDINGS{kimpark,
  title={{Design and implementation of object tracking system based on LoRa}},
  author={Kim, Dong Hyun and Park, Jung Bin and Shin, Jae Ho and Kim, Jong Deok},
  booktitle={{2017 International conference on information networking (ICOIN)}},
  pages={463--467},
  year={2017},
  organization={IEEE}},

@INPROCEEDINGS{hadwen,
  title={{Energy efficient LoRa GPS tracker for dementia patients}},
  author={Hadwen, Tim and Smallbon, Vanessa and Zhang, Qing and D'Souza, Matthew},
  booktitle={{2017 39th annual international conference of the IEEE engineering in medicine and biology society (EMBC)}},
  pages={771--774},
  year={2017},
  organization={IEEE}},

@INPROCEEDINGS{kusuda,
  title={{Application-Oriented LPWA Network with A Moving Gateway and Stationary End-Nodes}},
  author={Kusuda, Kenta and Iwata, Makoto},
  booktitle={{TENCON 2019-2019 IEEE Region 10 Conference (TENCON)}},
  pages={2351--2356},
  year={2019},
  organization={IEEE}},

@ARTICLE{raza,
  title={{Low power wide area networks: An overview}},
  author={Raza, Usman and Kulkarni, Parag and Sooriyabandara, Mahesh},
  journal={IEEE Communications Surveys \& Tutorials},
  volume={19},
  number={2},
  pages={855--873},
  year={2017},
  publisher={IEEE}},

@INPROCEEDINGS{bardyn,
  title={{IoT: The era of LPWAN is starting now}},
  author={Bardyn, Jean-Paul and Melly, Thierry and Seller, Olivier and Sornin, Nicolas},
  booktitle={{ESSCIRC Conference 2016: 42nd European Solid-State Circuits Conference}},
  pages={25--30},
  year={2016},
  organization={IEEE}},

@INPROCEEDINGS{reynders,
  title={{Range and coexistence analysis of long range unlicensed communication}},
  author={Reynders, Brecht and Meert, Wannes and Pollin, Sofie},
  booktitle={{2016 23rd International Conference on Telecommunications (ICT)}},
  pages={1--6},
  year={2016},
  organization={IEEE}},

@article{anastasi,
  title={{Energy conservation in wireless sensor networks: A survey}},
  author={Anastasi, Giuseppe and Conti, Marco and Di Francesco, Mario and Passarella, Andrea},
  journal={Ad hoc networks},
  volume={7},
  number={3},
  pages={537--568},
  year={2009},
  publisher={Elsevier}
},

@article{goursaud,
    author = {Goursaud, Claire and Gorce, Jean-Marie},
    title = {Dedicated networks for IoT: PHY / MAC state of the art and challenges},
    journal = {EAI endorsed transactions on Internet of Things, European Alliance for Innovation},
    year = {2015},
    url = {https://hal.archives-ouvertes.fr/hal-01231221/document},
},

@ARTICLE{centenaro,
  title={{Long-range communications in unlicensed bands: The rising stars in the IoT and smart city scenarios}},
  author={Centenaro, Marco and Vangelista, Lorenzo and Zanella, Andrea and Zorzi, Michele},
  journal={IEEE Wireless Communications},
  volume={23},
  number={5},
  pages={60--67},
  year={2016},
  publisher={IEEE}},

@MISC{etsi,
  title={{Short Range Devices (SRD) operating in the frequency range 25 MHz to 1 000 MHz; Part 2: Harmonised Standard for access to radio spectrum for non specific radio equipment}},
  howpublished = {\url{https://www.etsi.org/deliver/etsi_en/300200_300299/30022002/03.02.01_30/en_30022002v030201v.pdf}},
  note = {(07.03.2020)}
},

@MISC{sfCoverage,
  title={{Sigfox}},
  howpublished = {\url{https://www.sigfox.com/en/coverage}},
  note = {(07.03.2020)}
},

@MISC{loraIntro,
  title={{What is {LoRa}}},
  howpublished = {\url{https://www.semtech.com/lora/what-is-lora}},
  note = {(07.03.2020)}
},

@MISC{lorawanIntro,
  title={{What is {LoRaWAN}}},
  howpublished = {\url{https://lora-alliance.org/sites/default/files/2018-04/what-is-lorawan.pdf}},
  note = {(07.03.2020)}
},

@misc{loraalliance,
  title={{LoRa Alliance}},
  howpublished = {\url{https://lora-alliance.org/about-lora-alliance}},
  note = {(07.03.2020)}
}

@misc{loramodulation,
  title={{LoRa modulation basics}},
  howpublished = {\url{http://wiki.lahoud.fr/lib/exe/fetch.php?media=an1200.22.pdf}},
  note = {(07.03.2020)}
}

@ARTICLE{vangelista,
  title={{Frequency shift chirp modulation: The LoRa modulation}},
  author={Vangelista, Lorenzo},
  journal={IEEE Signal Processing Letters},
  volume={24},
  number={12},
  pages={1818--1821},
  year={2017},
  publisher={IEEE}},

@ARTICLE{adelanto,
  title={{Understanding the limits of LoRaWAN}},
  author={Adelantado, Ferran and Vilajosana, Xavier and Tuset-Peiro, Pere and Martinez, Borja and Melia-Segui, Joan and Watteyne, Thomas},
  journal={IEEE Communications magazine},
  volume={55},
  number={9},
  pages={34--40},
  year={2017},
  publisher={IEEE}},

@MISC{noranetuudis,
  title = {{Asjade interneti võrk sai uue tehnoloogia}},
  howpublished = {\url{https://www.logistikauudised.ee/uudised/2019/04/01/asjade-interneti-vork-sai-uue-tehnoloogia}},
  note = {(07.03.2020)},
},

@MISC{lorawanspec,
  title = {{LoRaWAN 1.1 Specification}},
  howpublished = {\url{https://lora-alliance.org/sites/default/files/2018-04/lorawantm_specification_-v1.1.pdf}},
  note = {(07.03.2020)},
},

@MISC{3gppiot,
title={{3GPP Standards for the Internet-of-Things}},
howpublished={\url{https://www.3gpp.org/images/presentations/3GPP_Standards_for_IoT.pdf}},
note = {(07.03.2020)}
}

@ARTICLE{xuyao,
  title={{Narrowband internet of things: Evolutions, technologies, and open issues}},
  author={Xu, Jun and Yao, Junmei and Wang, Lu and Ming, Zhong and Wu, Kaishun and Chen, Lei},
  journal={IEEE Internet of Things Journal},
  volume={5},
  number={3},
  pages={1449--1462},
  year={2017},
  publisher={IEEE}},

@ARTICLE{martinez,
  title={{Exploring the performance boundaries of NB-IoT}},
  author={Martinez, Borja and Adelantado, Ferran and Bartoli, Andrea and Vilajosana, Xavier},
  journal={IEEE Internet of Things Journal},
  volume={6},
  number={3},
  pages={5702--5712},
  year={2019},
  publisher={IEEE}},

@ARTICLE{wanglin,
  title={{A primer on 3GPP narrowband Internet of Things}},
  author={Wang, Y-P Eric and Lin, Xingqin and Adhikary, Ansuman and Grovlen, Asbjorn and Sui, Yutao and Blankenship, Yufei and Bergman, Johan and Razaghi, Hazhir S},
  journal={IEEE Communications Magazine},
  volume={55},
  number={3},
  pages={117--123},
  year={2017},
  publisher={IEEE}},

@INPROCEEDINGS{basu,
  title={{Experimental Performance Evaluation of NB-IoT}},
  author={Basu, Subho Shankar and Sultania, Ashish Kumar and Famaey, Jeroen and Hoebeke, Jeroen},
  booktitle={{2019 International Conference on Wireless and Mobile Computing, Networking and Communications (WiMob)}},
  pages={1--6},
  year={2019},
  organization={IEEE}}

@INPROCEEDINGS{wirges,
  title={{Performance of TCP and UDP over Narrowband Internet of Things (NB-IoT)}},
  author={Wirges, Joschka and Dettmar, Uwe},
  booktitle={{2019 IEEE International Conference on Internet of Things and Intelligence System (IoTaIS)}},
  pages={5--11},
  year={2019},
  organization={IEEE}},

@ARTICLE{larmo,
  title={{Impact of coap and mqtt on nb-iot system performance}},
  author={Larmo, Anna and Ratilainen, Antti and Saarinen, Juha},
  journal={Sensors},
  volume={19},
  number={1},
  pages={7},
  year={2019},
  publisher={Multidisciplinary Digital Publishing Institute}},

@INPROCEEDINGS{mozny,
  title={{On the Performance of Narrow-band Internet of Things (NB-IoT) for Delay-tolerant Services}},
  author={Mozny, Radek and Masek, Pavel and Stusek, Martin and Zeman, Krystof and Ometov, Aleksandr and Hosek, Jiri},
  booktitle={{2019 42nd International Conference on Telecommunications and Signal Processing (TSP)}},
  pages={637--642},
  year={2019},
  organization={IEEE}},

@MISC{nbtelia,
  howpublished={\url{https://www.telia.ee/uudised/telia-avas-eestit-katva-asjade-interneti-vorgu}},
  title={{Telia avas Eestit katva asjade interneti võrgu}},
  note = {(07.03.2020)}
},

@inproceedings{del2019hybrid,
  title={{Hybrid LPWAN Communication Architecture for Real-Time Monitoring in Power Distribution Grids}},
  author={del Campo, Guillermo and Gomez, Igor and Ca{\~n}ada, Guillermo and Santamaria, Asuncion},
  booktitle={{2019 IEEE 5th World Forum on Internet of Things (WF-IoT)}},
  pages={920--924},
  year={2019},
  organization={IEEE}
},

@inproceedings{petajajarvi2015coverage,
  title={{On the coverage of LPWANs: range evaluation and channel attenuation model for LoRa technology}},
  author={Petajajarvi, Juha and Mikhaylov, Konstantin and Roivainen, Antti and Hanninen, Tuomo and Pettissalo, Marko},
  booktitle={{2015 14th International Conference on ITS Telecommunications (ITST)}},
  pages={55--59},
  year={2015},
  organization={IEEE}
},

@inproceedings{sikora2019test,
  title={{Test and Measurement of LPWAN and Cellular IoT Networks in a Unified Testbed}},
  author={Sikora, Axel and Schappacher, Manuel and Amjad, Zubair and others},
  booktitle={{2019 IEEE 17th International Conference on Industrial Informatics (INDIN)}},
  volume={1},
  pages={1521--1527},
  year={2019},
  organization={IEEE}
},

@misc{sjostrom2017unlicensed,
  title={{Unlicensed and licensed low-power wide area networks: Exploring the candidates for massive IoT}},
  author={Sj{\"o}str{\"o}m, Daniel},
  year={2017}
}

@inproceedings{lauridsen2016coverage,
  title={{Coverage and capacity analysis of LTE-M and NB-IoT in a rural area}},
  author={Lauridsen, Mads and Kov{\'a}cs, Istv{\'a}n Z and Mogensen, Preben and Sorensen, Mads and Holst, Steffen},
  booktitle={{2016 IEEE 84th Vehicular Technology Conference (VTC-Fall)}},
  pages={1--5},
  year={2016},
  organization={IEEE}
},

@inproceedings{benhiba2018comparative,
  title={{Comparative study of the various new cellular iot technologies}},
  author={Benhiba, Badr Eddine and Madi, Abdessalam Ait and Addaim, Adnane},
  booktitle={{2018 International Conference on Electronics, Control, Optimization and Computer Science (ICECOCS)}},
  pages={1--4},
  year={2018},
  organization={IEEE}
},

@article{tsavalos2018low,
  title={{Low Power Wide Area Network (LPWAN) Technologies for Industrial IoT Applications}},
  author={Tsavalos, Nikolaos and Abu Hashem, Ahmad},
  year={2018}
},

@misc{sild2019,
  title={{Madala energiatarbega, kaugmaa raadioside protokollide kasutusvõimalikkus Eestis 2019 aasta kevade seisuga}},
  author={Sild, Joosep Henrik},
  note={Diplomitöö. Tallinna Tehnikaülikool.},
  year={2019}
},

@misc{poddar2020,
  title={{Coverage Analysis of LPWAN in Estonia: Sigfox and NB-IoT Case study in Tallinn and Tartu}},
  author={Poddar, Nishant},
  note={Master's thesis. University of Tartu.},
  year={2020}
},

@article{hoglund2017overview,
  title={Overview of 3GPP release 14 enhanced NB-IoT},
  author={Hoglund, Andreas and Lin, Xingqin and Liberg, Olof and Behravan, Ali and Yavuz, Emre A and Van Der Zee, Martin and Sui, Yutao and Tirronen, Tuomas and Ratilainen, Antti and Eriksson, David},
  journal={IEEE network},
  volume={31},
  number={6},
  pages={16--22},
  year={2017},
  publisher={IEEE}
}

@article{queralta2019comparative,
  title={Comparative study of LPWAN technologies on unlicensed bands for M2M communication in the IoT: Beyond LoRa and LoRaWAN},
  author={Queralta, J Pe{\~n}a and Gia, TN and Zou, Z and Tenhunen, Hannu and Westerlund, T},
  journal={Procedia Computer Science},
  volume={155},
  pages={343--350},
  year={2019},
  publisher={Elsevier}
}

@inproceedings{sarker2019survey,
  title={A survey on lora for iot: Integrating edge computing},
  author={Sarker, VK and Queralta, J Pena and Gia, TN and Tenhunen, Hannu and Westerlund, Tomi},
  booktitle={2019 Fourth International Conference on Fog and Mobile Edge Computing (FMEC)},
  pages={295--300},
  year={2019},
  organization={IEEE}
}

@article{mekki,
  title={A comparative study of LPWAN technologies for large-scale IoT deployment},
  author={Mekki, Kais and Bajic, Eddy and Chaxel, Frederic and Meyer, Fernand},
  journal={ICT express},
  volume={5},
  number={1},
  pages={1--7},
  year={2019},
  publisher={Elsevier}
}


% NÄITED
@INPROCEEDINGS{certiCrypt,
  author = {Gilles Barthe and Benjamin Gr{\'e}goire and Santiago {Zanella B{\'e}guelin}},
  title = {Formal Certification of Code-Based Cryptographic Proofs},
  booktitle = {36th ACM SIGPLAN-SIGACT Symposium on Principles of Programming Languages,
	POPL 2009},
  year = {2009},
  pages = {90--101},
  publisher = {ACM},
  url = {http://dx.doi.org/10.1145/1480881.1480894}
}

@MISC{GameB_1,
  author = {Mihir Bellare and Phillip Rogaway},
  title = {Code-Based Game-Playing Proofs and the Security of Triple Encryption},
  howpublished = {Cryptology ePrint Archive, Report 2004/331},
  year = {2004},
  note = {\url{http://eprint.iacr.org/}}
}

@MISC{proVerif,
  author = {Bruno Blanchet},
  title = {{Proverif: Cryptographic protocol verifier in the formal model}},
  howpublished = {\url{http://www.proverif.ens.fr/}},
  timestamp = {2012.05.15}
}

@MISC{kamm12,
  author = {Liina Kamm},
  title = {{ProveIt -- How to make proving cryptographic protocols less tedious}},
  howpublished = {Talk at the 21st Estonian Computer Science Theory Days at Kubija},
  month = {January},
  year = {2012},
  file = {:/Users/tiina/Desktop/Thesis/Documents/papers/2012-05-tiina-bachelors-thesis/References/kamm-slides.pdf:PDF},
  timestamp = {2012.04.27},
  url = {http://www.cs.ut.ee/~varmo/tday-kubija/kamm-slides.pdf}
}


@MISC{GameB_2,
  author = {Victor Shoup},
  title = {Sequences of games: a tool for taming complexity in security proofs},
  howpublished = {Cryptology ePrint Archive, Report 2004/332},
  year = {2004},
  note = {\url{http://eprint.iacr.org/}}
}

@comment{jabref-meta: selector_review:}

@comment{jabref-meta: selector_publisher:}

@comment{jabref-meta: selector_author:}

@comment{jabref-meta: selector_journal:}

@comment{jabref-meta: selector_keywords:}

